@ARTICLE{AliBMSV17,
  author = {N.~Aliyev and P.~Benner and E.~Mengi and P.~Schwerdtner and M.~Voigt},
  title = {Large-scale computation of $\mathcal{L}_\infty$-norms by a greedy subspace method},
  journal = {SIAM J. Matrix Anal. Appl.},
  volume = {38},
  number = {4},
  pages = {1496--1516},
  year = {2017}
}

@ARTICLE{BenSV12,
  author = {P.~Benner and V.~Sima and M.~Voigt},
  title = {$\mathcal{L}_\infty$-Norm Computation for Continuous-Time Descriptor Systems Using Structured Matrix Pencils},
  journal = {IEEE Trans. Automat. Control},
  volume = {57},
  number = {1},
  pages = {233--238},
  year = {2012}
}

@ARTICLE{SchV18,
  author = {P.~Schwerdtner and M.~Voigt},
  title = {Computation of the $\mathcal{L}_\infty$-Norm Using Rational Interpolation},
  journal = {IFAC-PapersOnLine},
  year = {2018},
  note = {Joint 9th IFAC Symposium on Robust Control Design and 2nd IFAC Workshop on Linear Parameter Varying Systems, Florian{\'o}polis, Brasilien, 2018. Accepted for publication, also available from \url{http://www.math.tu-berlin.de/fileadmin/i26/Bilder_Webseite/AG_ModNumDiff/FG_NumMath/mvoigt/SchV18.pdf}}
}

